@Comment 関連研究
@inproceedings{jmoni,
    author      = "Jian Lei and Xia Yang and Guangze Xiong and Wei Jiang and Yong Liao",
    title       = "VMM-based Real-Time Embedded Systems",
    booktitle   = "International Conference on Embedded Software and Systems (ICESS 2008)",
    pages       = "213--128",
    year        = 2008
}
@inproceedings{gandalf,
    author      = "Megumi Ito and Shuichi Oikawa",
    title       = "Improving Real-Time Performance of a Virtual Machine",
    booktitle   = "Proceedings of the Lecture Notes in Computer Science (LNCS)",
    pages       = "114--125",
    year        = "2008",
    volume      = "5287",
}
@inproceedings{spumone,
    author      = "Wataru Kanda and Yu Yumura and Yuki Kinebuchi and Kazuo Makijima and Tatsuo Nakajima",
    title       = "SPUMONE: Lightweight CPU Virtualization Layer for Embedded Systems",
    booktitle   = "Proceedings of the 2008 IEEE/IFIP International Conference on Emvedded and Ubiquitous Computing",
    pages       = "144--151",
    year        = "2008",
}
@misc{vxworks,
    author       = "Wind River",
    title        = "VxWorks",
    howpublished = "\url{http://www.windriver.com/japan/products/vxworks/index.html}",
    year         = 2010
}
@manual{uitron,
    organization = "TRON Association",
    title        = "$\mu$ITRON 4.0 Specification",
    publisher    = "TRON Association",
    address      = "TRON Association",
    year         = 2007
}

@Comment マニュアル集
@manual{ia-hpet-spec,
    author       = "Intel Corporation",
    organization = "Intel Corporation",
    title        = "IA-PC HPET (High Precision Event Timers) Specification",
    year         = 2004,
    month        = oct
}
@manual{intel64-3a,
    author       = "Intel Corporation",
    organization = "Intel Corporation",
    title        = "Intel 64 and IA-32 Architectures Software
                    Developers Manual Volume 3A: System Programming
                    Guide, Part 1",
    year         = 2009,
    month        = jun
}
@manual{intel64-3b,
    author       = "Intel Corporation",
    organization = "Intel Corporation",
    title        = "Intel 64 and IA-32 Architectures Software
                    Developers Manual Volume 3B: System Programming
                    Guide, Part 2",
    year         = 2009,
    month        = jun
}

@Comment ソフトウェア
@misc{qemu,
    author       = "QEMU",
    howpublished = "\url{http://wiki.qemu.org/}",
    year         = 2011
}
@misc{itron,
    author       = "ITRON Project",
    title        = "ITRON Project Archive",
    howpublished = "\url{http://www.ertl.jp/ITRON/}",
    year         = 2011,
}


@Comment Graduation Thesis

@inproceedings{kvm,
    author    = "Avi Kivity and Yaniv Kamay and Dor Laor and Uri Lublin and Anthony Liguori",
    title     = "kvm: the Linux Virtual Machine Monitor",
    booktitle = "Proceedings of the 2007 Linux Symposium",
    volume    = "One",
    pages     = "225-230",
    year      = 2007,
    month     = jun,
}

