@article{trace,
  author    = {森本, 洋行 and 小宮山, 彰一郎 and 毛利, 公一},
  title     = {性能評価のための命令トレーサの開発},
  journal   = {電子情報通信学会論文誌},
  issn      = {09151915},
  publisher = {一般社団法人電子情報通信学会},
  year      = {2001},
  month     = {06},
  volume    = {84},
  number    = {6},
  pages     = {584-593}
}