@misc{etx,
  author       = {偉い人},
  howpublished = {\url{http://example.com}},
  title        = {すごい内容},
  year         = {2022}
}