@misc{en,
  author       = {great man},
  howpublished = {\url{http://example.com}},
  title        = {great content},
  year         = {2022}
}
@misc{jp,
  author       = {偉い人},
  howpublished = {\url{http://example.com}},
  title        = {すごい内容},
  year         = {2022}
}